<collection xmlns="http://www.loc.gov/MARC21/slim">
<record>
  <leader>01649nam0a22003011i 450 </leader>
  <controlfield tag="001">IT\ICCU\CNCE\067131</controlfield>
  <controlfield tag="005">20190121000000.0</controlfield>
  <datafield tag="012" ind1=" " ind2=" ">
    <subfield code="a">eln- a.a- e.e, AlSi (C) 1584 (A)</subfield>
    <subfield code="2">fei</subfield>
    <subfield code="9">1</subfield>
  </datafield>
  <datafield tag="012" ind1=" " ind2=" ">
    <subfield code="a">a?e, o:ta o.a. VeVe (C) 1584 (R)</subfield>
    <subfield code="2">fei</subfield>
    <subfield code="9">2</subfield>
  </datafield>
  <datafield tag="100" ind1=" " ind2=" ">
    <subfield code="a">20060907d1584        0itac0103    ba</subfield>
  </datafield>
  <datafield tag="101" ind1=" " ind2=" ">
    <subfield code="a">ITA</subfield>
  </datafield>
  <datafield tag="102" ind1=" " ind2=" ">
    <subfield code="a">IT</subfield>
  </datafield>
  <datafield tag="200" ind1="1" ind2=" ">
    <subfield code="a">Rosario della gloriosa Vergine Maria, con le sue pie cotemplationi, ordini, capitoli, et stationi di Roma. Composto dal r.p. don Sebastiano da Fabriano, monaco camaldolese. Et aggiuntoui le diuote meditationi per tutti li giorni della settimana con alcune lodi a Giesu n.s. &amp; alla sua diletta madre Maria</subfield>
  </datafield>
  <datafield tag="210" ind1=" " ind2=" ">
    <subfield code="a">In Venetia</subfield>
    <subfield code="c">appresso i Guerri</subfield>
    <subfield code="d">fratelli</subfield>
    <subfield code="c">ad istanza dell&apos;autore</subfield>
    <subfield code="d">1584</subfield>
  </datafield>
  <datafield tag="215" ind1=" " ind2=" ">
    <subfield code="a">2 pt.</subfield>
    <subfield code="c">ill.</subfield>
    <subfield code="d">8ʻ</subfield>
  </datafield>
  <datafield tag="620" ind1=" " ind2=" ">
    <subfield code="a">IT</subfield>
    <subfield code="d">Venezia</subfield>
  </datafield>
  <datafield tag="700" ind1=" " ind2="0">
    <subfield code="a">Sebastiano</subfield>
    <subfield code="c"> : da#Fabriano</subfield>
    <subfield code="3">IT\ICCU\CNCA\006646</subfield>
  </datafield>
  <datafield tag="712" ind1="0" ind2="0">
    <subfield code="a">Guerra, Domenico &amp; Guerra, Giovanni Battista</subfield>
    <subfield code="3">IT\ICCU\CNCT\000155</subfield>
    <subfield code="4">650</subfield>
  </datafield>
  <datafield tag="712" ind1="0" ind2="2">
    <subfield code="a">Sebastiano : da#Fabriano</subfield>
    <subfield code="3">IT\ICCU\CNCT\006558</subfield>
    <subfield code="4">650</subfield>
  </datafield>
  <datafield tag="790" ind1=" " ind2="1">
    <subfield code="a">Avo,</subfield>
    <subfield code="b">Sebastiano</subfield>
    <subfield code="3">IT\ICCU\CNCA\014090</subfield>
    <subfield code="z">Sebastiano : da#Fabriano</subfield>
  </datafield>
  <datafield tag="790" ind1=" " ind2="1">
    <subfield code="a">Fabriano,</subfield>
    <subfield code="b">Sebastiano</subfield>
    <subfield code="3">IT\ICCU\CNCA\024486</subfield>
    <subfield code="z">Sebastiano : da#Fabriano</subfield>
  </datafield>
  <datafield tag="790" ind1=" " ind2="0">
    <subfield code="a">Sebastianus</subfield>
    <subfield code="c"> : de#Fabriano</subfield>
    <subfield code="3">IT\ICCU\CNCA\024487</subfield>
    <subfield code="z">Sebastiano : da#Fabriano</subfield>
  </datafield>
  <datafield tag="791" ind1="0" ind2="2">
    <subfield code="a">Guerraei fratres</subfield>
    <subfield code="3">IT\ICCU\CNCT\005074</subfield>
    <subfield code="z">Guerra, Domenico &amp; Guerra, Giovanni Battista</subfield>
  </datafield>
  <datafield tag="791" ind1="0" ind2="2">
    <subfield code="a">Guerri</subfield>
    <subfield code="3">IT\ICCU\CNCT\005076</subfield>
    <subfield code="z">Guerra, Domenico &amp; Guerra, Giovanni Battista</subfield>
  </datafield>
  <datafield tag="801" ind1=" " ind2="3">
    <subfield code="a">IT</subfield>
    <subfield code="b">ICCU</subfield>
    <subfield code="c">20201115</subfield>
  </datafield>
  <datafield tag="899" ind1=" " ind2=" ">
    <subfield code="a">Biblioteca comunale. Fabriano</subfield>
    <subfield code="1">AN0033</subfield>
    <subfield code="2">URB BF</subfield>
  </datafield>
  <datafield tag="899" ind1=" " ind2=" ">
    <subfield code="a">Collezione privata. Firenze</subfield>
    <subfield code="1">FI0615</subfield>
  </datafield>
  <datafield tag="899" ind1=" " ind2=" ">
    <subfield code="a">Biblioteca universitaria Alessandrina. Roma</subfield>
    <subfield code="1">RM0280</subfield>
    <subfield code="2">RML 01</subfield>
  </datafield>
</record>
</collection>
